@article{deeplearning_vector_databases,
  author = {DeepLearning.AI},
  title = {Vector Databases and Embeddings Applications},
  year = {2024},
  url = {https://www.deeplearning.ai/short-courses/vector-databases-embeddings-applications/}
}

@article{deeplearning_retrieval_optimization,
  author = {DeepLearning.AI},
  title = {Retrieval Optimization: From Tokenization to Vector Quantization},
  year = {2024},
  url = {https://www.deeplearning.ai/short-courses/retrieval-optimization-from-tokenization-to-vector-quantization/}
}

@article{elastic_vector_embedding,
  author = {Elastic},
  title = {What is Vector Embedding?},
  year = {2024},
  url = {https://www.elastic.co/what-is/vector-embedding}
}

@article{pinecone_dense_vector_embeddings,
  author = {Pinecone},
  title = {Dense Vector Embeddings in NLP},
  year = {2024},
  url = {https://www.pinecone.io/learn/series/nlp/dense-vector-embeddings-nlp/}
}

@article{linkedin_encoding_vs_embedding,
  author = {LinkedIn},
  title = {Understanding Differences Between Encoding and Embedding},
  year = {2024},
  url = {https://www.linkedin.com/pulse/understanding-differences-between-encoding-embedding-mba-ms-phd/}
}

@article{levelup_vector_databases,
  author = {LevelUp},
  title = {6 Resources to Master Vector Databases and Building a Vector Storage},
  year = {2024},
  url = {https://levelup.gitconnected.com/6-resources-to-master-vector-databases-building-a-vector-storage-8d94ca1e3897}
}

@article{medium_vector_search,
  author = {Tech Padawan Chronicles},
  title = {Vector Search: Unlocking the Power of Unstructured Data},
  year = {2024},
  url = {https://medium.com/tech-padawan-chronicles/vector-search-unlocking-the-power-of-unstructured-data-ecf7c8ce91f6}
}

@article{ubiai_unstructured_data,
  author = {UBIAI NLP},
  title = {What is Unstructured Data? What Issues Can It Bring to Deep Learning Models in 2024?},
  year = {2024},
  url = {https://medium.com/ubiai-nlp/what-is-unstructured-data-what-issues-can-bring-to-the-deep-learning-model-in-2024-3410327dcc76}
}

% Chapter 2 - Vectorization
@article{myscale_vector_indexing,
  author = {MyScale},
  title = {Understanding Vector Indexing: A Comprehensive Guide},
  year = {2024},
  url = {https://medium.com/@myscale/understanding-vector-indexing-a-comprehensive-guide-d1abe36ccd3c}
}

@article{freedium_neural_networks,
  author = {Freedium},
  title = {Overview of a Neural Network's Learning Process},
  year = {2024},
  url = {https://freedium.cfd/https://medium.com/data-science-365/overview-of-a-neural-networks-learning-process-61690a502fa}
}

@inproceedings{schroff_facenet,
  author = {Florian Schroff and Dmitry Kalenichenko and James Philbin},
  title = {FaceNet: A Unified Embedding for Face Recognition and Clustering},
  booktitle = {Proceedings of the IEEE Conference on Computer Vision and Pattern Recognition (CVPR)},
  year = {2015},
  url = {https://arxiv.org/abs/1503.03832}
}

@article{johnson_faiss,
  author = {Jeff Johnson and Matthijs Douze and Hervé Jégou},
  title = {Billion-scale similarity search with GPUs},
  journal = {arXiv preprint},
  year = {2017},
  url = {https://arxiv.org/abs/1702.08734}
}

@article{mikolov_word2vec,
  author = {Tomas Mikolov and Ilya Sutskever and Kai Chen and Greg S. Corrado and Jeffrey Dean},
  title = {Efficient Estimation of Word Representations in Vector Space},
  journal = {arXiv preprint},
  year = {2013},
  url = {https://arxiv.org/abs/1301.3781}
}

% Chapter 4 - Vector Quantization
@article{pinecone_pq,
  author = {Pinecone},
  title = {Product Quantization},
  year = {2024},
  url = {https://www.pinecone.io/learn/series/faiss/product-quantization/}
}

@article{towards_datascience_pq,
  author = {Towards Data Science},
  title = {Similarity Search & Product Quantization},
  year = {2024},
  url = {https://towardsdatascience.com/similarity-search-product-quantization-b2a1a6397701}
}

@article{weaviate_pq,
  author = {Weaviate},
  title = {Product Quantization in Vector Databases},
  year = {2024},
  url = {https://weaviate.io/developers/weaviate/concepts/vector-quantization#product-quantization}
}

% RAG
@article{weaviate_rag,
  author = {Weaviate},
  title = {What is Agentic RAG?},
  year = {2024},
  url = {https://weaviate.io/blog/what-is-agentic-rag}
}

@article{neo4j_rag,
  author = {Neo4j},
  title = {Knowledge Graph vs. Vector RAG},
  year = {2024},
  url = {https://neo4j.com/blog/developer/knowledge-graph-vs-vector-rag/}
}
